2160 3772
281 84 795 194 Drss'Err-anro.

48 222 207 312 mulcebat,
229 232 326 298 statim
351 236 379 298 id
402 206 554 319 pulchrum
574 238 628 302 esle
642 241 870 321 pronunciarint.
915 239 958 305 Et
979 216 1036 303 tan

17 350 29 405 μ
51 341 120 387 men
134 321 169 382 ea
184 321 282 404 reguli
302 321 374 384 nihil
396 321 522 386 fallacius
543 339 593 388 aut
616 325 772 399 incertius3
804 326 871 391 falsa
891 327 972 390 enim
993 327 1024 391 dt

49 407 192 470 ementita
216 404 399 489 pulchritudo
428 407 553 473 imbutas
582 411 680 492 pravis
704 411 887 491 opinionibus
912 425 1025 475 mentes

50 491 197 575 voluptate
219 492 350 575 quddam
368 491 467 569 aflicit,
497 491 664 577 easdemque
686 518 753 559 vera
782 495 813 560 dt
842 494 927 559 solida
951 496 1024 585 saepe

49 597 117 641 non'
131 568 229 665 allicit.
273 570 374 661 Iraque
397 572 440 639 nil
463 592 527 642 tam
547 579 679 645 deforme
699 579 752 657 est,
772 582 849 665 quod
866 603 926 643 non
942 581 1027 651 alicui

50 661 171 747 placent,
203 661 276 727 nibil
297 661 400 726 eontra
424 676 503 727 tam-2
513 665 638 748 undique
665 665 828 748 pulchrum,
858 666 935 749 quod
963 665 1027 728 nori

49 746 138 812 alicui
158 747 308 830 displiceat.
343 747 402 815 'Sle
420 749 454 813 ad
478 746 594 814 ridicula
616 751 727 831 cantica
748 751 878 828 videmus
898 751 1027 821 exultare

21 832 179 919 firmilicos,
201 835 279 898 &ad
301 835 421 916 ineptos
435 831 608 897 histrionum
627 827 707 918 jocos
729 849 789 900 tota
813 837 1028 919 nonnunqum

50 912 164 985 theatra
186 919 380 1003 conclamant
423 918 469 983 Sic
491 920 593 982 contra
614 941 676 983 non
690 920 790 985 desunt
804 906 1028 1005 quosVlr'gilius

51 1027 86 1068 ac
100 1003 268 1081 Terentius,
290 1006 392 1087 quibus
415 1003 456 1066 nil
473 1004 579 1069 habent
600 1004 691 1069 literae
713 1005 881 1090 elegantius,
912 1021 963 1068 aut
984 1005 1027 1068 nil

52 1105 166 1166 tamen,
199 1104 251 1153 aut
271 1110 373 1171 parurn
394 1088 557 1164 deledlent;
590 1106 674 1157 tanta
704 1093 734 1154 in
760 1090 963 1155 consuetudine
994 1090 1026 1154 dc

52 1177 213 1258 anticipatis
227 1176 407 1257 opinionibus
422 1177 464 1238 vis
478 1175 529 1253 est,
552 1177 589 1240 ad
609 1175 828 1240 deledlationem
845 1177 890 1240 vel
905 1173 1029 1240 afferen-
1058 1224 1064 1235 ,

52 1262 129 1324 darn
146 1260 193 1326 vel
217 1261 421 1324 amovendam.
467 1259 547 1344 Ergo
566 1277 602 1323 ut
612 1264 652 1345 ab
664 1263 713 1325 illai
728 1261 900 1326 inconstanti
914 1263 1029 1344 opinio·

53 1368 129 1411 num
144 1348 228 1410 turba
243 1346 400 1423 recedatur,
421 1347 456 1408 ad
478 1348 595 1410 rationis
608 1347 719 1424 lumen,
741 1348 817 1430 quod
838 1369 944 1424 unum,
965 1369 1028 1411 cer-

53 1447 120 1497 tum
136 1454 170 1495 ac
183 1430 367 1515 simplex-est,
390 1433 582 1495 accedendum
596 1431 648 1508 est,
671 1455 705 1495 ae
719 1433 792 1497 illius
814 1455 869 1516 ope
893 1455 964 1498 vera
983 1433 1029 1494 illa
1072 1442 1074 1449 ⁴

54 1537 90 1581 ac
119 1516 226 1581 sincera
253 1516 473 1597 pulchritudinis
498 1515 597 1599 species
622 1516 831 1602 investiganda,
864 1520 925 1599 qua
945 1518 1028 1600 quic·
1072 1544 1074 1549 ·

54 1603 123 1688 quid
148 1600 311 1684 impressum
338 1599 381 1666 est
406 1600 476 1666 vere
502 1601 654 1684 pulchrum
679 1603 709 1666 δι
731 1603 846 1686 elegans
858 1601 910 1678 est,
932 1600 949 1663 ὲ
972 1601 1030 1682 qui

54 1689 157 1753 contra
190 1688 324 1772 quicquid
358 1687 504 1767 abhorret,
537 1687 670 1752 deforme
698 1687 728 1754 δι
754 1687 899 1772 inelegans
923 1685 1032 1775 meriti>

53 1775 219 1839 dicendum.
518 1827 520 1830 .
580 1821 587 1831 ,
626 1817 630 1822 -
1037 1808 1042 1829 .

99 1859 145 1924 Ea
159 1859 246 1940 porrb
267 1857 344 1922 redii
366 1881 420 1939 nos¹
429 1859 464 1923 ad
480 1873 615 1926 naturam
630 1861 759 1939 deducet,
781 1860 854 1926 &id
869 1859 1031 1943 generatim

55 1945 209 2030 pulchrum
222 1942 276 2006 effe
290 1945 434 2023 decernet,
457 1947 536 2028 quod
560 1961 625 2009 tum
652 1945 734 2028 ipsius
757 1948 798 2010 rei
821 1959 944 2021 naturae,
966 1959 1042 2008 turn

56 2030 165 2095 nostrae
179 2031 270 2092 etiam
284 2032 448 2103 conveniat.
494 2029 586 2113 Quod
601 2032 694 2107 enim,
713 2033 794 2095 verbi
807 2031 910 2115 gratii,
931 2050 1037 2111 corpus

56 2115 171 2200 aliquod
186 2115 279 2196 aliqud
293 2130 374 2197 parte
388 2116 435 2177 vel
451 2115 611 2178 redundans
625 2115 672 2176 vel
697 2115 876 2178 diminutum
900 2116 1034 2177 deforme

56 2201 205 2275 habeatur,
228 2199 294 2262 inde
308 2199 349 2262 est
370 2199 448 2282 quod
469 2200 620 2262 abhorreat
645 2198 671 2271 a,
685 2200 801 2275 naturai,
821 2220 888 2282 quae
911 2197 1032 2280 integri·

40 2302 150 2350 ratem
174 2286 302 2368 partium
326 2285 439 2371 suarum
464 2283 598 2365 deposcit,
621 2284 843 2366 superfluitatem
857 2281 1031 2362 aspernatur.

58 2364 210 2437 Omnium
226 2369 286 2432 fere
308 2390 375 2453 quae
400 2369 539 2431 deformia
559 2369 708 2432 censentur
722 2369 821 2433 eadem
836 2368 932 2440 rati03
956 2367 1031 2430 sem·

58 2479 166 2542 perque
189 2457 221 2519 in
243 2455 296 2518 illis
318 2453 606 2541 animaduertereest
628 2456 734 2518 vitium
755 2455 868 2538 aliquod
889 2453 908 2516 a
929 2452 1054 2515 natura.

59 2543 137 2607 reete
167 2532 490 2605 constiturfflffidens.
534 2539 603 2603 Nec
626 2554 724 2606 tamen
750 2562 826 2616 rem,
859 2553 893 2602 ut
914 2537 1035 2620 pulchra

37 2630 182 2714 ,dicatun
219 2626 273 2688 suae
301 2646 445 2710 quamque
475 2639 589 2688 naturae
617 2647 776 2710 congruere
804 2624 870 2689 satis
899 2623 951 2700 eil,
981 2619 1038 2685 nisi

60 2717 151 2778 etiam
175 2710 280 2774 nollrae
302 2714 466 2776 conveniat.
512 2710 588 2774 Haec
612 2713 692 2773 enim
717 2712 820 2773 animo
846 2708 978 2773 constans
1002 2707 1035 2772 dc

61 2821 180 2882 corpore
195 2796 312 2861 sensibus
327 2797 457 2880 madito,
479 2798 600 2879 utrique
620 2811 701 2878 parte
723 2812 814 2860 certas
836 2792 1037 2878 propensiones

63 2887 93 2949 δι
107 2881 276 2947 offensiones
294 2884 391 2960 habet,
413 2883 515 2965 quibus
536 2881 586 2946 vel
597 2882 750 2959 alliciatur,
772 2882 819 2945 vel
833 2881 1034 2944 abalienetur:

62 2969 163 3054 Iraque
189 2968 260 3032 visus
285 2971 373 3032 certis
393 2969 534 3033 coloribus
564 2967 707 3053 jocundus
743 2982 889 3043 movetur,
925 2964 1037 3026 auditus

62 3073 144 3120 certo
169 3055 309 3118 sonorum·
328 3075 434 3137 genere
458 3055 571 3117 ducitur
583 3076 594 3125 3
631 3054 764 3117 animam
789 3053 879 3116 eriam
920 3050 1043 3128 uaedam'

22 3190 32 3197 .
62 3142 215 3216 deledlant,
255 3141 397 3222 quaedam·
420 3137 583 3215 offendunt,
619 3155 708 3221 prout
738 3159 858 3222 quaeque
930 3133 1047 3198 edlibua·

62 3229 121 3309 ejus
136 3227 181 3287 vel
195 3226 394 3303 consenserint·
408 3224 454 3287 vel
479 3225 676 3308 repugndrint.
719 3223 789 3287 Nec
814 3240 913 3287 tamen
933 3219 1036 3305 quaeli·

38 3362 46 3373 s
64 3311 112 3372 bet
127 3312 174 3372 bie
189 3326 289 3372 natura
306 3311 487 3396 intelligenda
503 3309 555 3386 eil,
577 3307 649 3373 crim
668 3311 803 3394 quaedam
826 3307 963 3385 distortae,
984 3306 1036 3369 de·-

54 3409 203 3470 pravare,
233 3396 341 3463 vitiosae
360 3394 416 3462 srnr
427 3421 438 3473 3
471 3395 515 3461 sed
537 3397 690 3462 entendata
714 3397 746 3463 br
770 3397 842 3462 bene
866 3388 1047 3477 compostus·

134 3511 139 3518 .
187 3507 214 3520 ..ι
998 3494 1041 3542 ex
