2160 3772
65 27 75 75 s

129 3442 135 3447 -
200 3391 322 3462 littora.

326 56 849 189 umens-ruric.

261 332 363 405 Verba
385 278 529 433 quomodo
546 333 637 409 rebus
653 333 918 424 accommodando.

147 513 242 580 Nunc
255 515 291 579 de
303 516 398 581 verbis
411 538 445 580 ac
467 518 548 581 rebus
568 530 680 581 natura
700 511 956 582 accommodandis
978 502 1014 577 dii

77 600 82 613 “
103 601 176 667 dum
188 599 240 678 cst,
262 604 365 686 inquo
386 619 419 664 ut
443 601 524 685 supni
536 603 647 667 didbtm
660 603 713 681 est,
734 603 838 684 duplex
861 612 964 664 natura
985 621 1014 664 ot

103 687 237 765 demnda,
268 688 313 750 vcl
333 708 433 750 esrum
457 687 573 764 scilicet,
595 689 631 752 de
655 690 761 773 quibua·
779 686 945 773 loquimur,
966 705 1014 749 ret:

103 773 150 836 vel
164 794 267 836 corum
281 773 299 836 ὲ
311 773 412 857 quibus
425 774 564 837 audimur·
572 773 622 837 vel
635 773 770 857 legimus

148 858 316 922 Verborum
341 874 444 923 autem
463 881 533 922 cum
557 861 640 922 rebus
658 857 803 923 consensio
827 859 908 923 ineo
922 853 1014 941 posin

104 944 260 1031 grandibus
288 945 418 1027 grandia,
455 943 575 1007 humilia
607 944 764 1010 humilibus
787 957 933 1026 aptentur.
986 939 1014 1005 Pr

103 1031 222 1114 quidem
236 1051 326 1092 omne
340 1049 435 1112 genus.
442 1030 580 1095 orationis
600 1027 834 1112 simplicitatem:
866 1027 920 1092 Sed
942 1024 1014 1091 istas

107 1116 223 1199 plicitas
231 1114 435 1178 sublimitatem
457 1135 519 1177 non
542 1114 659 1200 refugit,
680 1136 735 1179 noc
756 1114 982 1187 incitationem

106 1221 167 1264 non
182 1204 278 1262 minus
291 1199 428 1263 vitiosum
452 1197 493 1261 est
514 1200 572 1263 alta
584 1202 616 1265 bu
635 1200 733 1284 gravia
751 1202 877 1264 tenuiter
899 1198 1014 1263 &dem

101 1307 194 1368 quam
218 1284 333 1348 demissa
356 1284 386 1347 bc
408 1285 515 1359 tenuiax
529 1285 592 1348 alte
612 1287 642 1349 δι
657 1287 784 1369 graviter
796 1286 900 1350 dicere.
944 1282 1013 1346 Utri

105 1372 187 1434 enim
202 1371 291 1433 inodo
304 1372 341 1433 ab
354 1371 388 1432 cti
402 1369 560 1446 disceditur,
582 1371 612 1432 in
627 1373 687 1454 qud*
697 1369 817 1453 positam
837 1368 1013 1453 pulchritudi

105 1457 241 1531 diximus,
261 1476 333 1523 ,cum
352 1455 466 1531 naturd,
486 1452 678 1520 consensione.
723 1455 805 1539 Ergo
818 1476 873 1519 nec
887 1451 1005 1538 figuras,

105 1554 289 1615 ornamenta,
311 1541 419 1623 quaevis,
433 1541 527 1611 oratio
540 1541 652 1622 recipit,
670 1562 729 1619 ‚nec
743 1542 854 1603 rursum
868 1538 980 1623 quaevis
993 1559 1013 1600 n

81 1624 186 1696 *diam
209 1623 250 1687 est
264 1625 312 1688 ubi
327 1625 376 1688 illa
389 1625 455 1706 apte
477 1623 663 1703 collocentur,
693 1625 735 1690 est
756 1627 806 1689 ubi
828 1620 947 1706 ineptis3
984 1635 1013 1691 to

107 1726 207 1775 autem
213 1711 252 1858 ἐκ]
267 1709 370 1789 coest,
391 1723 424 1773 ut
447 1711 552 1794 ubique
570 1709 744 1795 perfectam
757 1707 1013 1777 rerumuerborun

106 1817 214 1863 concor
233 1818 268 1861 ia.
949 1849 951 1853 ,

150 1879 255 1961 Portb,
276 1884 353 1966 quod
375 1881 526 1967 diligenter
550 1883 746 1951 animadverti
763 1880 864 1959 uelim,
891 1877 962 1946 &al
988 1901 1013 1964 pt

106 1969 233 2032 omnino
259 1967 442 2037 observatum
464 1969 516 2046 cst,
545 1987 583 2034 ut'
600 1974 688 2034 verba
711 1969 795 2034 rebus
808 1981 999 2049 attemperes,

106 2053 174 2136 ipstc
188 2074 232 2117 rea
245 2052 401 2137 spedhndae
412 2054 458 2116 vel
470 2052 567 2137 qualos
581 2054 653 2119 inse
667 2053 747 2130 sunt,
764 2050 809 2115 vel
823 2052 920 2134 quales
935 2052 969 2114 in
983 2068 1013 2115 m

106 2140 239 2216 dicentis,
271 2138 315 2203 sed
339 2138 437 2222 qualos
462 2140 494 2200 in
517 2155 619 2215 mente
642 2139 823 2203 audientium
848 2136 896 2199 vel
909 2137 1013 2220 ‘legent

107 2227 240 2291 modone
255 2222 422 2287 insomiatae
436 2223 510 2286 sunt.
553 2222 599 2288 Sic
620 2225 689 2307 quia
714 2223 763 2287 sub
783 2221 871 2285 initio
888 2222 967 2294 rudis
990 2244 1013 2284 ai

81 2308 274 2394 pfuppoiiitm
287 2310 413 2386 auditor,
434 2306 608 2390 simplicibus
619 2311 723 2388 uerbis,
744 2329 845 2370 earum
864 2306 1013 2389 dequibus

107 2396 203 2478 queris
216 2415 326 2470 return,
347 2394 458 2458 notitiis
476 2396 652 2457 imbuendus
668 2394 720 2472 est,
741 2395 846 2478 quibus
862 2390 957 2474 posted
971 2414 1010 2474 qu

98 2481 190 2562 podis
203 2479 399 2562 superstruere.
444 2478 527 2544 Hinc
539 2476 573 2544 fit
587 2495 620 2543 ut
634 2478 655 2543 si
669 2483 703 2543 de
714 2479 839 2564 qualibet
852 2478 943 2540 atroci
956 2477 1010 2540 faci

107 2564 263 2628 dicendum
274 2561 320 2643 sit,
342 2585 404 2628 non
417 2568 494 2648 prius
508 2565 593 2630 liceat
606 2569 639 2630 in
652 2566 720 2629 illud
734 2565 877 2630 atrocibus
892 2562 986 2625 verbis
1000 2562 1012 2624 i

105 2649 151 2727 iii,
172 2671 262 2738 quam
287 2651 319 2712 in
335 2665 437 2713 mente
455 2649 616 2717 Ledlorum
628 2674 663 2716 ea
677 2648 759 2735 ipsius
773 2649 874 2733 species
893 2644 1013 2732 impressi

109 2756 176 2818 quae
205 2735 270 2798 vim
300 2734 382 2799 illam
406 2738 564 2800 verborum
592 2739 830 2819 atrocitatemque
867 2753 929 2794 non
965 2730 1013 2812 resp

110 2819 181 2904 Quo
195 2820 268 2884 uitio
282 2819 323 2883 illi
342 2838 526 2903 premuntur,
547 2823 597 2906 qui
618 2823 751 2886 nondum
771 2814 891 2883 incensis
906 2816 1012 2879 Audite

108 2904 278 3054 wimiis&
292 2905 361 2989 quid
375 2904 468 2973 velint
480 2908 574 2974 adhuc
590 2907 786 2991 nescientibus,
807 2905 961 2970 ardentem
974 2921 1012 2966 on

109 3012 182 3057 nem
240 3004 337 3057 erunt.

153 3135 200 3203 Ita
210 3136 321 3220 optime
333 3089 476 3222 Virgilius
488 3139 599 3205 orditur
612 3134 784 3222 simplicibus
797 3137 910 3203 verbis:

199 3221 292 3288 Arma
305 3222 449 3309 virumque
464 3248 541 3303 cano,
565 3221 658 3309 Trojae
672 3225 719 3310 qui
731 3225 838 3312 primus
854 3220 889 3288 ab
900 3219 956 3288 oris

198 3308 324 3385 Italiam,
335 3309 405 3396 ficto
418 3312 563 3398 prpiigus,
585 3309 749 3397 Lavinaque
763 3306 839 3375 uenit

963 3472 1012 3560 Oi
