2160 3772
93 113 98 121 '
259 54 778 186 ialssERTATIO.

49 396 112 469 Alsa
128 396 366 490 fter‘entr'nrum
389 394 517 473 eir-tus,
552 392 819 485 inproprie&
844 396 1012 463 interiores

139 496 222 584 stat.
277 489 343 563 Ubi
367 490 406 561 de
428 488 556 571 alienis,
585 491 627 564 td
644 489 881 561 accidenteriis.

31 668 35 686 '
77 680 206 742 Alteram
236 674 466 750 sententiarum,
497 673 569 735 dum
595 695 665 737 curn
687 674 770 739 rebus
792 690 1011 757 comparantur,

50 766 165 830 rirtutem
181 762 239 825 elle
253 762 396 836 diximus,
418 776 455 823 ut
468 762 593 843 propriae
612 760 643 824 dt
663 762 811 838 interiores
825 760 891 837 fint,
917 760 1010 835 idest,

47 870 173 915 trrerum
193 846 276 932 quast
299 848 454 910 visceribus
478 862 580 922 erute,
610 869 671 909 non
693 845 780 929 longi
799 846 941 909 accerlitze
965 850 1035 911 vele

47 938 208 1001 exexternis
227 934 438 1011 accidentibus,
470 953 531 993 rem
555 930 673 995 tantiam
699 930 778 1016 quast
805 936 1012 996 comitantibus

47 1022 132 1088 luda.
178 1022 226 1084 Ea
248 1021 313 1102 lege
333 1020 497 1082 innumeris
521 1018 714 1101 frigidioribus
733 1020 949 1101 epigrammatis
975 1020 1011 1081 li-

48 1108 116 1173 berati
129 1108 242 1183 sunaus,
267 1126 397 1188 quorum
411 1104 460 1167 hic
474 1126 563 1185 pauca
577 1104 710 1185 exempla
725 1104 818 1187 subjici
832 1106 935 1185 placet.

30 1221 33 1240 ¹
78 1195 216 1259 Alienum
233 1192 265 1255 δι
276 1187 496 1254 accersatumest
507 1188 576 1253 illud
590 1190 738 1267 audoeni,
759 1193 795 1254 de
811 1188 911 1273 Lyra:

30 1354 32 1360 ’
77 1342 107 1407 ln
120 1359 178 1406 tam
193 1337 312 1423 diversit
324 1336 385 1401 caim
395 1335 441 1421 fit
456 1338 596 1403 concordia
610 1337 727 1414 chordis,

117 1418 187 1491 rim
200 1423 305 1510 discors
317 1422 452 1488 bantinum
465 1445 517 1487 non
530 1426 617 1512 pudet
632 1426 682 1511 effe
690 1448 786 1508 genus,

45 1572 117 1659 Qali
140 1576 178 1638 ad
207 1572 432 1655 pudefaciendos
454 1570 494 1635 dc
513 1570 567 1634 suis
594 1571 736 1636 discordiis
761 1564 904 1653 homines,
938 1570 1011 1637 nibil

42 1664 155 1744 proprius
170 1658 243 1723 ell'et
256 1680 347 1742 quam
365 1658 539 1721 chordarum
558 1659 629 1744 lyrae
642 1660 804 1723 concordia.
824 1689 829 1697 ·

74 1746 118 1811 Ex
132 1746 333 1809 accidentibus
345 1766 410 1807 rem
424 1746 697 1821 concomitantibus,
720 1766 781 1807 non
807 1767 843 1807 ex
865 1742 946 1826 ipsius
970 1744 1010 1805 rvi

39 1832 180 1897 alteribus
195 1833 405 1912 depromptum
421 1828 490 1891 illud
505 1826 694 1907 Germanici,
716 1846 750 1892 ut
762 1833 854 1909 aiunt,
878 1830 1011 1895 Cularo„

41 1918 153 1984 rtrlrbus
167 1918 278 1999 alioqui
292 1916 353 1979 satis
364 1914 496 1979 cultum:

57 2056 65 2069 ²
79 2062 175 2131 Uarax
185 2081 261 2152 puer
272 2062 403 2148 urssriiio
412 2063 500 2145 glacie
515 2065 579 2125 alim
594 2062 664 2125 ludit
679 2064 707 2126 in
723 2064 827 2142 Helue,

119 2151 240 2235 Frigore
254 2164 389 2211 concretas
404 2152 521 2232 pendere
535 2149 611 2231 rupit
620 2172 714 2233 aquas.

78 2237 211 2321 Dumque
226 2238 289 2297 imae
299 2249 395 2319 partes
410 2234 504 2318 rapido
517 2234 696 2297 traherentur·
710 2238 745 2297 (ab
758 2236 844 2312 aratri,

120 2322 248 2408 Abscidit
265 2337 387 2383 terrerum
399 2320 502 2383 lubrica
518 2323 584 2403 testa
600 2334 689 2404 caput.

76 2404 156 2473 Orba
171 2409 244 2493 quod
254 2408 394 2469 inventum
409 2423 498 2468 rrzater
511 2408 575 2468 dum
590 2408 713 2470 conderet
727 2406 812 2483 terrui,

117 2495 185 2557 Hoc
201 2493 297 2578 peperi
306 2492 432 2576 flammis
442 2517 452 2566 3
476 2507 589 2569 caetera,
612 2492 694 2571 dixit,
717 2493 804 2577 aqrris.

42 2637 102 2703 Alia
126 2640 207 2703 certe
231 2642 286 2702 fuit
316 2639 355 2701 illi
380 2640 466 2701 matri
494 2641 616 2701 interior
645 2642 758 2702 dolendi
789 2640 882 2713 causa,
921 2640 1009 2722 qtrinr

41 2727 110 2806 qubd
134 2727 212 2789 filius
236 2727 343 2807 partim
363 2728 444 2806 aqud,
476 2726 580 2806 partim
604 2726 724 2789 flammai
746 2726 813 2788 ell'et
833 2728 1010 2808 absumptus,

42 2831 86 2874 nec
97 2811 200 2874 minus
217 2813 263 2875 illa
282 2810 421 2886 doluillct,
444 2808 529 2873 stvel
549 2827 626 2872 totus
648 2815 679 2874 in
702 2815 782 2895 aquis
802 2813 932 2894 periillct,
964 2813 1010 2873 ccl

42 2910 108 2959 totus
128 2902 158 2960 in
184 2898 325 2959 flammis.
378 2895 451 2957 Non
473 2898 571 2959 debuit
594 2919 663 2980 ergo
678 2922 715 2960 ex
731 2915 791 2960 tant
815 2899 869 2959 leri
888 2908 1011 2961 nahar-aer

41 2996 92 3127 tfpta
106 2984 223 3046 dolendi
239 2982 319 3046 causa
334 2984 435 3063 repeti,
457 3004 523 3064 quae
546 3006 654 3061 comes,
677 3007 738 3046 non
761 2987 884 3047 materia
905 2984 1012 3047 doloris

68 3084 99 3131 rt.

75 3154 192 3217 Eodem
208 3152 283 3214 vitio
297 3154 428 3218 laborant
452 3154 651 3237 descriptiones
673 3159 828 3239 negativae,
859 3159 888 3218 in
912 3155 1034 3237 quibus,

42 3250 257 3314 enumerantur,
290 3263 350 3303 non
373 3263 438 3325 quae
464 3243 567 3323 cuique
588 3243 627 3302 rei
647 3242 728 3304 dotes
752 3243 857 3318 insunt,
882 3243 923 3303 seo
946 3236 1034 3320 quae‘

40 3340 89 3387 mn
106 3322 225 3393 insum
249 3329 323 3405 quod
345 3328 410 3413 jure
424 3327 541 3410 quidam
563 3328 806 3407 reprehendebant
822 3332 852 3392 in
868 3331 923 3392 lruc
938 3326 1011 3405 Epi-

39 3423 199 3492 grammate
215 3407 328 3490 Barlaei,
351 3414 479 3496 alioquin
488 3409 617 3560 {edibus
631 3413 776 3496 eleganti:
877 3452 880 3457 ·
926 3492 956 3556 R
995 3490 999 3501 Ι

536 3519 557 3580 4
957 3509 1018 3573 ‘3⁷¹4'
